@misc{carion2020endtoend,
      title={End-to-End Object Detection with Transformers}, 
      author={Nicolas Carion and Francisco Massa and Gabriel Synnaeve and Nicolas Usunier and Alexander Kirillov and Sergey Zagoruyko},
      year={2020},
      eprint={2005.12872},
      archivePrefix={arXiv},
      primaryClass={cs.CV}
}

@article{Coco,
      title={Microsoft COCO: Common Objects in Context}, 
      author={Tsung-Yi Lin and Michael Maire and Serge Belongie and Lubomir Bourdev and Ross Girshick and James Hays and Pietro Perona and Deva Ramanan and C. Lawrence Zitnick and Piotr Doll√°r},
      journal   = {CoRR},
      volume    = {abs/1405.0312},
      year={2015},
      url       = {http://arxiv.org/abs/1605.07146},
      eprint={1405.0312},
      archivePrefix={arXiv},
      primaryClass={cs.CV}
}

@article{CocoStuff,
  author    = {Holger Caesar and
               Jasper R. R. Uijlings and
               Vittorio Ferrari},
  title     = {COCO-Stuff: Thing and Stuff Classes in Context},
  journal   = {CoRR},
  volume    = {abs/1612.03716},
  year      = {2016},
  url       = {http://arxiv.org/abs/1612.03716},
  archivePrefix = {arXiv},
  eprint    = {1612.03716},
  timestamp = {Mon, 13 Aug 2018 16:47:38 +0200},
  biburl    = {https://dblp.org/rec/journals/corr/CaesarUF16a.bib},
  bibsource = {dblp computer science bibliography, https://dblp.org}
}

@inproceedings{zhou2017scene,
    title={Scene Parsing through ADE20K Dataset},
    author={Zhou, Bolei and Zhao, Hang and Puig, Xavier and Fidler, Sanja and Barriuso, Adela and Torralba, Antonio},
    booktitle={Proceedings of the IEEE Conference on Computer Vision and Pattern Recognition},
    year={2017}
    }
